@misc{GoogleTest,
  title  = {Google Test},
  howpublished = "\url{https://code.google.com/p/googletest/}",
  note = "online",
}
